<record><leader>00000cas a22000007a 4500</leader><controlfield tag="001">52075473</controlfield><controlfield tag="008">030416c20029999akuwr ne      0    0eng  </controlfield><controlfield tag="009">466</controlfield><datafield ind1=" " ind2=" " tag="010"><subfield code="a">sn2003058009</subfield></datafield><datafield ind1=" " ind2=" " tag="040"><subfield code="a">DLC</subfield><subfield code="b">eng</subfield><subfield code="c">DLC</subfield><subfield code="d">OCLCQ</subfield></datafield><datafield ind1="1" ind2=" " tag="029"><subfield code="a">AU@</subfield><subfield code="b">000024596039</subfield></datafield><datafield ind1=" " ind2=" " tag="042"><subfield code="a">msc</subfield></datafield><datafield ind1="0" ind2=" " tag="130"><subfield code="a">Star (Valdez, Alsk. : 2002)</subfield></datafield><datafield ind1="0" ind2="4" tag="245"><subfield code="a">The star.</subfield></datafield><datafield ind1="1" ind2="3" tag="246"><subfield code="a">Valdez star</subfield></datafield><datafield ind1="1" ind2="7" tag="246"><subfield code="a">Valdez star</subfield></datafield><datafield ind1=" " ind2=" " tag="260"><subfield code="a">Valdez, Alsk. :</subfield><subfield code="b">Valdez Star</subfield></datafield><datafield ind1=" " ind2=" " tag="300"><subfield code="a">v.</subfield></datafield><datafield ind1="0" ind2=" " tag="362"><subfield code="a">Vol. 14, ed. 38 [i.e. 40] (Sept. 25, 2001 [i.e. Oct. 2, 2002])-</subfield></datafield><datafield ind1=" " ind2=" " tag="515"><subfield code="a">First issue has incorrect ed. no. and date.</subfield></datafield><datafield ind1=" " ind2=" " tag="752"><subfield code="a">United States</subfield><subfield code="b">Alaska</subfield><subfield code="d">Valdez.</subfield></datafield><datafield ind1="0" ind2="0" tag="780"><subfield code="t">Valdez star (Valdez, Alsk. : 2001)</subfield><subfield code="w">(DLC)sn2001058077</subfield><subfield code="w">(OCoLC)48145908</subfield></datafield></record>